 @article{Yarkoni_2011, title={Large-scale automated synthesis of human functional neuroimaging data}, volume={8}, ISSN={1548-7105}, url={http://dx.doi.org/10.1038/nmeth.1635}, DOI={10.1038/nmeth.1635}, number={8}, journal={Nature Methods}, publisher={Springer Science and Business Media LLC}, author={Yarkoni, Tal and Poldrack, Russell A and Nichols, Thomas E and Van Essen, David C and Wager, Tor D}, year={2011}, month=jun, pages={665â€“670} }
