 @article{McCormick_2022, title={Latent functional connectivity underlying multiple brain states}, volume={6}, ISSN={2472-1751}, url={http://dx.doi.org/10.1162/netn_a_00234}, DOI={10.1162/netn_a_00234}, number={2}, journal={Network Neuroscience}, publisher={MIT Press}, author={McCormick, Ethan M. and Arnemann, Katelyn L. and Ito, Takuya and Hanson, Stephen José and Cole, Michael W.}, year={2022}, pages={570–590} }
