 @article{Tor_D__2011, title={NeuroSynth: a new platform for large-scale automated synthesis of human functional neuroimaging data}, volume={5}, ISSN={1662-5196}, url={http://dx.doi.org/10.3389/conf.fninf.2011.08.00058}, DOI={10.3389/conf.fninf.2011.08.00058}, journal={Frontiers in Neuroinformatics}, publisher={Frontiers Media SA}, author={Tor D., Wager}, year={2011} }
