 @article{Woo_2015, title={Distinct Brain Systems Mediate the Effects of Nociceptive Input and Self-Regulation on Pain}, volume={13}, ISSN={1545-7885}, url={http://dx.doi.org/10.1371/journal.pbio.1002036}, DOI={10.1371/journal.pbio.1002036}, number={1}, journal={PLoS Biology}, publisher={Public Library of Science (PLoS)}, author={Woo, Choong-Wan and Roy, Mathieu and Buhle, Jason T. and Wager, Tor D.}, editor={Posner, Michael}, year={2015}, month=jan, pages={e1002036} }
