 @article{Englert_2023, title={Connectome-Based Attractor Dynamics Underlie Brain Activity in Rest, Task, and Disease}, url={http://dx.doi.org/10.1101/2023.11.03.565516}, DOI={10.1101/2023.11.03.565516}, publisher={Cold Spring Harbor Laboratory}, author={Englert, Robert and Kincses, Balint and Kotikalapudi, Raviteja and Gallitto, Giuseppe and Li, Jialin and Hoffschlag, Kevin and Woo, Choong-Wan and Wager, Tor D. and Timmann, Dagmar and Bingel, Ulrike and Spisak, Tamas}, year={2023}, month=nov }
