 @article{Spisak_2020, title={Pain-free resting-state functional brain connectivity predicts individual pain sensitivity}, volume={11}, ISSN={2041-1723}, url={http://dx.doi.org/10.1038/s41467-019-13785-z}, DOI={10.1038/s41467-019-13785-z}, number={1}, journal={Nature Communications}, publisher={Springer Science and Business Media LLC}, author={Spisak, Tamas and Kincses, Balint and Schlitt, Frederik and Zunhammer, Matthias and Schmidt-Wilcke, Tobias and Kincses, Zsigmond T. and Bingel, Ulrike}, year={2020}, month=jan }
