@book{buzsaki2006rhythms,
  title={Rhythms of the Brain},
  author={Buzsaki, Gyorgy},
  year={2006},
  publisher={Oxford university press}
}
@article{bassett2017network,
  title={Network neuroscience},
  author={Bassett, Danielle S and Sporns, Olaf},
  journal={Nature neuroscience},
  volume={20},
  number={3},
  pages={353--364},
  year={2017},
  publisher={Nature Publishing Group US New York}
}
@article{liu2013time,
  title={Time-varying functional network information extracted from brief instances of spontaneous brain activity},
  author={Liu, Xiao and Duyn, Jeff H},
  journal={Proceedings of the National Academy of Sciences},
  volume={110},
  number={11},
  pages={4392--4397},
  year={2013},
  publisher={National Acad Sciences}
}
@article{zalesky2014time,
  title={Time-resolved resting-state brain networks},
  author={Zalesky, Andrew and Fornito, Alex and Cocchi, Luca and Gollo, Leonardo L and Breakspear, Michael},
  journal={Proceedings of the National Academy of Sciences},
  volume={111},
  number={28},
  pages={10341--10346},
  year={2014},
  publisher={National Acad Sciences}
}
@article{margulies2016situating,
  title={Situating the default-mode network along a principal gradient of macroscale cortical organization},
  author={Margulies, Daniel S and Ghosh, Satrajit S and Goulas, Alexandros and Falkiewicz, Marcel and Huntenburg, Julia M and Langs, Georg and Bezgin, Gleb and Eickhoff, Simon B and Castellanos, F Xavier and Petrides, Michael and others},
  journal={Proceedings of the National Academy of Sciences},
  volume={113},
  number={44},
  pages={12574--12579},
  year={2016},
  publisher={National Acad Sciences}
}
@article{huntenburg2018large,
  title={Large-scale gradients in human cortical organization},
  author={Huntenburg, Julia M and Bazin, Pierre-Louis and Margulies, Daniel S},
  journal={Trends in cognitive sciences},
  volume={22},
  number={1},
  pages={21--31},
  year={2018},
  publisher={Elsevier}
}
@article{greene2023everyone,
  title={Why is everyone talking about brain state?},
  author={Greene, Abigail S and Horien, Corey and Barson, Daniel and Scheinost, Dustin and Constable, R Todd},
  journal={Trends in Neurosciences},
  year={2023},
  publisher={Elsevier}
}
@article{vidaurre2017brain,
  title={Brain network dynamics are hierarchically organized in time},
  author={Vidaurre, Diego and Smith, Stephen M and Woolrich, Mark W},
  journal={Proceedings of the National Academy of Sciences},
  volume={114},
  number={48},
  pages={12827--12832},
  year={2017},
  publisher={National Acad Sciences}
}
@article{smith2012temporally,
  title={Temporally-independent functional modes of spontaneous brain activity},
  author={Smith, Stephen M and Miller, Karla L and Moeller, Steen and Xu, Junqian and Auerbach, Edward J and Woolrich, Mark W and Beckmann, Christian F and Jenkinson, Mark and Andersson, Jesper and Glasser, Matthew F and others},
  journal={Proceedings of the National Academy of Sciences},
  volume={109},
  number={8},
  pages={3131--3136},
  year={2012},
  publisher={National Acad Sciences}
}
@article{chen2018human,
  title={The human brain traverses a common activation-pattern state space across task and rest},
  author={Chen, Richard H and Ito, Takuya and Kulkarni, Kaustubh R and Cole, Michael W},
  journal={Brain Connectivity},
  volume={8},
  number={7},
  pages={429--443},
  year={2018},
  publisher={Mary Ann Liebert, Inc., publishers 140 Huguenot Street, 3rd Floor New~…}
}
@article{hutchison2013dynamic,
  title={Dynamic functional connectivity: promise, issues, and interpretations},
  author={Hutchison, R Matthew and Womelsdorf, Thilo and Allen, Elena A and Bandettini, Peter A and Calhoun, Vince D and Corbetta, Maurizio and Della Penna, Stefania and Duyn, Jeff H and Glover, Gary H and Gonzalez-Castillo, Javier and others},
  journal={Neuroimage},
  volume={80},
  pages={360--378},
  year={2013},
  publisher={Elsevier}
}
@article{barttfeld2015signature,
  title={Signature of consciousness in the dynamics of resting-state brain activity},
  author={Barttfeld, Pablo and Uhrig, Lynn and Sitt, Jacobo D and Sigman, Mariano and Jarraya, B{\'e}chir and Dehaene, Stanislas},
  journal={Proceedings of the National Academy of Sciences},
  volume={112},
  number={3},
  pages={887--892},
  year={2015},
  publisher={National Acad Sciences}
}
@article{meer2020movie,
  title={Movie viewing elicits rich and reliable brain state dynamics},
  author={Meer, Johan N van der and Breakspear, Michael and Chang, Luke J and Sonkusare, Saurabh and Cocchi, Luca},
  journal={Nature communications},
  volume={11},
  number={1},
  pages={5004},
  year={2020},
  publisher={Nature Publishing Group UK London}
}
@article{breakspear2017dynamic,
  title={Dynamic models of large-scale brain activity},
  author={Breakspear, Michael},
  journal={Nature neuroscience},
  volume={20},
  number={3},
  pages={340--352},
  year={2017},
  publisher={Nature Publishing Group US New York}
}
@article{murray2018biophysical,
  title={Biophysical modeling of large-scale brain dynamics and applications for computational psychiatry},
  author={Murray, John D and Demirta{\c{s}}, Murat and Anticevic, Alan},
  journal={Biological Psychiatry: Cognitive Neuroscience and Neuroimaging},
  volume={3},
  number={9},
  pages={777--787},
  year={2018},
  publisher={Elsevier}
}
@article{kriegeskorte2018cognitive,
  title={Cognitive computational neuroscience},
  author={Kriegeskorte, Nikolaus and Douglas, Pamela K},
  journal={Nature neuroscience},
  volume={21},
  number={9},
  pages={1148--1160},
  year={2018},
  publisher={Nature Publishing Group US New York}
}
@article{heinz2019towards,
  title={Towards a unifying cognitive, neurophysiological, and computational neuroscience account of schizophrenia},
  author={Heinz, Andreas and Murray, Graham K and Schlagenhauf, Florian and Sterzer, Philipp and Grace, Anthony A and Waltz, James A},
  journal={Schizophrenia bulletin},
  volume={45},
  number={5},
  pages={1092--1100},
  year={2019},
  publisher={Oxford University Press US}
}
@article{schirner2022dynamic,
  title={Dynamic primitives of brain network interaction},
  author={Schirner, Michael and Kong, Xiaolu and Yeo, BT Thomas and Deco, Gustavo and Ritter, Petra},
  journal={NeuroImage},
  volume={250},
  pages={118928},
  year={2022},
  publisher={Elsevier}
}
@article{schiff1994controlling,
  title={Controlling chaos in the brain},
  author={Schiff, Steven J and Jerger, Kristin and Duong, Duc H and Chang, Taeun and Spano, Mark L and Ditto, William L},
  journal={Nature},
  volume={370},
  number={6491},
  pages={615--620},
  year={1994},
  publisher={Nature Publishing Group UK London}
}
@article{papadopoulos2017development,
  title={Development of structural correlations and synchronization from adaptive rewiring in networks of Kuramoto oscillators},
  author={Papadopoulos, Lia and Kim, Jason Z and Kurths, J{\"u}rgen and Bassett, Danielle S},
  journal={Chaos: An Interdisciplinary Journal of Nonlinear Science},
  volume={27},
  number={7},
  year={2017},
  publisher={AIP Publishing}
}
@article{seguin2023brain,
  title={Brain network communication: concepts, models and applications},
  author={Seguin, Caio and Sporns, Olaf and Zalesky, Andrew},
  journal={Nature Reviews Neuroscience},
  volume={24},
  number={9},
  pages={557--574},
  year={2023},
  publisher={Nature Publishing Group UK London}
}
@article{chiem2021structure,
  title={Structure-informed functional connectivity driven by identifiable and state-specific control regions},
  author={Chi{\^e}m, Benjamin and Crevecoeur, Fr{\'e}d{\'e}ric and Delvenne, Jean-Charles},
  journal={Network Neuroscience},
  volume={5},
  number={2},
  pages={591--613},
  year={2021},
  publisher={MIT Press One Rogers Street, Cambridge, MA 02142-1209, USA journals-info~…}
}
@article{scheid2021time,
  title={Time-evolving controllability of effective connectivity networks during seizure progression},
  author={Scheid, Brittany H and Ashourvan, Arian and Stiso, Jennifer and Davis, Kathryn A and Mikhail, Fadi and Pasqualetti, Fabio and Litt, Brian and Bassett, Danielle S},
  journal={Proceedings of the National Academy of Sciences},
  volume={118},
  number={5},
  pages={e2006436118},
  year={2021},
  publisher={National Acad Sciences}
}
@article{gu2015controllability,
  title={Controllability of structural brain networks},
  author={Gu, Shi and Pasqualetti, Fabio and Cieslak, Matthew and Telesford, Qawi K and Yu, Alfred B and Kahn, Ari E and Medaglia, John D and Vettel, Jean M and Miller, Michael B and Grafton, Scott T and others},
  journal={Nature communications},
  volume={6},
  number={1},
  pages={8414},
  year={2015},
  publisher={Nature Publishing Group UK London}
}
@article{deco2012anatomy,
  title={How anatomy shapes dynamics: a semi-analytical study of the brain at rest by a simple spin model},
  author={Deco, Gustavo and Senden, Mario and Jirsa, Viktor},
  journal={Frontiers in computational neuroscience},
  volume={6},
  pages={68},
  year={2012},
  publisher={Frontiers Media SA}
}
@article{golos2015multistability,
  title={Multistability in large scale models of brain activity},
  author={Golos, Mathieu and Jirsa, Viktor and Dauc{\'e}, Emmanuel},
  journal={PLoS computational biology},
  volume={11},
  number={12},
  pages={e1004644},
  year={2015},
  publisher={Public Library of Science San Francisco, CA USA}
}
@article{hansen2015functional,
  title={Functional connectivity dynamics: modeling the switching behavior of the resting state},
  author={Hansen, Enrique CA and Battaglia, Demian and Spiegler, Andreas and Deco, Gustavo and Jirsa, Viktor K},
  journal={Neuroimage},
  volume={105},
  pages={525--535},
  year={2015},
  publisher={Elsevier}
}
@article{khona2022attractor,
  title={Attractor and integrator networks in the brain},
  author={Khona, Mikail and Fiete, Ila R},
  journal={Nature Reviews Neuroscience},
  volume={23},
  number={12},
  pages={744--766},
  year={2022},
  publisher={Nature Publishing Group UK London}
}
@article{doerig2023neuroconnectionist,
  title={The neuroconnectionist research programme},
  author={Doerig, Adrien and Sommers, Rowan P and Seeliger, Katja and Richards, Blake and Ismael, Jenann and Lindsay, Grace W and Kording, Konrad P and Konkle, Talia and Van Gerven, Marcel AJ and Kriegeskorte, Nikolaus and others},
  journal={Nature Reviews Neuroscience},
  pages={1--20},
  year={2023},
  publisher={Nature Publishing Group UK London}
}
@article{richards2019deep,
  title={A deep learning framework for neuroscience},
  author={Richards, Blake A and Lillicrap, Timothy P and Beaudoin, Philippe and Bengio, Yoshua and Bogacz, Rafal and Christensen, Amelia and Clopath, Claudia and Costa, Rui Ponte and de Berker, Archy and Ganguli, Surya and others},
  journal={Nature neuroscience},
  volume={22},
  number={11},
  pages={1761--1770},
  year={2019},
  publisher={Nature Publishing Group US New York}
}
@article{cole2016activity,
  title={Activity flow over resting-state networks shapes cognitive task activations},
  author={Cole, Michael W and Ito, Takuya and Bassett, Danielle S and Schultz, Douglas H},
  journal={Nature neuroscience},
  volume={19},
  number={12},
  pages={1718--1726},
  year={2016},
  publisher={Nature Publishing Group US New York}
}
@article{hopfield1982neural,
  title={Neural networks and physical systems with emergent collective computational abilities.},
  author={Hopfield, John J},
  journal={Proceedings of the national academy of sciences},
  volume={79},
  number={8},
  pages={2554--2558},
  year={1982},
  publisher={National Acad Sciences}
}
@article{krotov2023new,
  title={A new frontier for Hopfield networks},
  author={Krotov, Dmitry},
  journal={Nature Reviews Physics},
  pages={1--2},
  year={2023},
  publisher={Nature Publishing Group UK London}
}
@article{ito2017cognitive,
  title={Cognitive task information is transferred between brain regions via resting-state network topology},
  author={Ito, Takuya and Kulkarni, Kaustubh R and Schultz, Douglas H and Mill, Ravi D and Chen, Richard H and Solomyak, Levi I and Cole, Michael W},
  journal={Nature communications},
  volume={8},
  number={1},
  pages={1027},
  year={2017},
  publisher={Nature Publishing Group UK London}
}