@article{di2014autism,
  title={The autism brain imaging data exchange: towards a large-scale evaluation of the intrinsic brain architecture in autism},
  author={Di Martino, Adriana and Yan, Chao-Gan and Li, Qingyang and Denio, Erin and Castellanos, Francisco X and Alaerts, Kaat and Anderson, Jeffrey S and Assaf, Michal and Bookheimer, Susan Y and Dapretto, Mirella and others},
  journal={Molecular psychiatry},
  volume={19},
  number={6},
  pages={659--667},
  year={2014},
  publisher={Nature Publishing Group}
}
@article{Spisak_2020, title={Pain-free resting-state functional brain connectivity predicts individual pain sensitivity}, volume={11}, ISSN={2041-1723}, url={http://dx.doi.org/10.1038/s41467-019-13785-z}, DOI={10.1038/s41467-019-13785-z}, number={1}, journal={Nature Communications}, publisher={Springer Science and Business Media LLC}, author={Spisak, Tamas and Kincses, Balint and Schlitt, Frederik and Zunhammer, Matthias and Schmidt-Wilcke, Tobias and Kincses, Zsigmond T. and Bingel, Ulrike}, year={2020}, month=jan }
@article{Woo_2015, title={Distinct Brain Systems Mediate the Effects of Nociceptive Input and Self-Regulation on Pain}, volume={13}, ISSN={1545-7885}, url={http://dx.doi.org/10.1371/journal.pbio.1002036}, DOI={10.1371/journal.pbio.1002036}, number={1}, journal={PLoS Biology}, publisher={Public Library of Science (PLoS)}, author={Woo, Choong-Wan and Roy, Mathieu and Buhle, Jason T. and Wager, Tor D.}, editor={Posner, Michael}, year={2015}, month=jan, pages={e1002036} }
@article{zunhammer2021meta,
  title={Meta-analysis of neural systems underlying placebo analgesia from individual participant fMRI data},
  author={Zunhammer, Matthias and Spis{\'a}k, Tam{\'a}s and Wager, Tor D and Bingel, Ulrike},
  journal={Nature communications},
  volume={12},
  number={1},
  pages={1391},
  year={2021},
  publisher={Nature Publishing Group UK London}
}
@article{Yarkoni_2011, title={Large-scale automated synthesis of human functional neuroimaging data}, volume={8}, ISSN={1548-7105}, url={http://dx.doi.org/10.1038/nmeth.1635}, DOI={10.1038/nmeth.1635}, number={8}, journal={Nature Methods}, publisher={Springer Science and Business Media LLC}, author={Yarkoni, Tal and Poldrack, Russell A and Nichols, Thomas E and Van Essen, David C and Wager, Tor D}, year={2011}, month=jun, pages={665â€“670} }
@article{woo2015distinct,
  title={Distinct brain systems mediate the effects of nociceptive input and self-regulation on pain},
  author={Woo, Choong-Wan and Roy, Mathieu and Buhle, Jason T and Wager, Tor D},
  journal={PLoS biology},
  volume={13},
  number={1},
  pages={e1002036},
  year={2015},
  publisher={Public Library of Science San Francisco, USA}
}
@article{Tor_D__2011, title={NeuroSynth: a new platform for large-scale automated synthesis of human functional neuroimaging data}, volume={5}, ISSN={1662-5196}, url={http://dx.doi.org/10.3389/conf.fninf.2011.08.00058}, DOI={10.3389/conf.fninf.2011.08.00058}, journal={Frontiers in Neuroinformatics}, publisher={Frontiers Media SA}, author={Tor D., Wager}, year={2011} }
@article{craddock2013towards,
  title={Towards automated analysis of connectomes: The configurable pipeline for the analysis of connectomes (c-pac)},
  author={Craddock, Cameron and Sikka, Sharad and Cheung, Brian and Khanuja, Ranjeet and Ghosh, Satrajit S and Yan, Chaogan and Li, Qingyang and Lurie, Daniel and Vogelstein, Joshua and Burns, Randal and others},
  journal={Front Neuroinform},
  volume={42},
  number={10.3389},
  year={2013}
}
@article{dadi2019benchmarking,
  title={Benchmarking functional connectome-based predictive models for resting-state fMRI},
  author={Dadi, Kamalaker and Rahim, Mehdi and Abraham, Alexandre and Chyzhyk, Darya and Milham, Michael and Thirion, Bertrand and Varoquaux, Ga{\"e}l and Alzheimer's Disease Neuroimaging Initiative and others},
  journal={NeuroImage},
  volume={192},
  pages={115--134},
  year={2019},
  publisher={Elsevier}
}
@article{bellec2010multi,
  title={Multi-level bootstrap analysis of stable clusters in resting-state fMRI},
  author={Bellec, Pierre and Rosa-Neto, Pedro and Lyttelton, Oliver C and Benali, Habib and Evans, Alan C},
  journal={Neuroimage},
  volume={51},
  number={3},
  pages={1126--1139},
  year={2010},
  publisher={Elsevier}
}
@article{gorgolewski2011nipype,
  title={Nipype: a flexible, lightweight and extensible neuroimaging data processing framework in python},
  author={Gorgolewski, Krzysztof and Burns, Christopher D and Madison, Cindee and Clark, Dav and Halchenko, Yaroslav O and Waskom, Michael L and Ghosh, Satrajit S},
  journal={Frontiers in neuroinformatics},
  volume={5},
  pages={13},
  year={2011},
  publisher={Frontiers}
}
@article{jenkinson2012fsl,
  title={Fsl},
  author={Jenkinson, Mark and Beckmann, Christian F and Behrens, Timothy EJ and Woolrich, Mark W and Smith, Stephen M},
  journal={Neuroimage},
  volume={62},
  number={2},
  pages={782--790},
  year={2012},
  publisher={Elsevier}
}
@article{avants2011reproducible,
  title={A reproducible evaluation of ANTs similarity metric performance in brain image registration},
  author={Avants, Brian B and Tustison, Nicholas J and Song, Gang and Cook, Philip A and Klein, Arno and Gee, James C},
  journal={Neuroimage},
  volume={54},
  number={3},
  pages={2033--2044},
  year={2011},
  publisher={Elsevier}
}
@article{cox1996afni,
  title={AFNI: software for analysis and visualization of functional magnetic resonance neuroimages},
  author={Cox, Robert W},
  journal={Computers and Biomedical research},
  volume={29},
  number={3},
  pages={162--173},
  year={1996},
  publisher={Elsevier}
}
@article{esteban2019fmriprep,
  title={fMRIPrep: a robust preprocessing pipeline for functional MRI},
  author={Esteban, Oscar and Markiewicz, Christopher J and Blair, Ross W and Moodie, Craig A and Isik, A Ilkay and Erramuzpe, Asier and Kent, James D and Goncalves, Mathias and DuPre, Elizabeth and Snyder, Madeleine and others},
  journal={Nature methods},
  volume={16},
  number={1},
  pages={111--116},
  year={2019},
  publisher={Nature Publishing Group US New York}
}
@article{friston1996movement,
  title={Movement-related effects in fMRI time-series},
  author={Friston, Karl J and Williams, Steven and Howard, Robert and Frackowiak, Richard SJ and Turner, Robert},
  journal={Magnetic resonance in medicine},
  volume={35},
  number={3},
  pages={346--355},
  year={1996},
  publisher={Wiley Online Library}
}
@article{power2012spurious,
  title={Spurious but systematic correlations in functional connectivity MRI networks arise from subject motion},
  author={Power, Jonathan D and Barnes, Kelly A and Snyder, Abraham Z and Schlaggar, Bradley L and Petersen, Steven E},
  journal={Neuroimage},
  volume={59},
  number={3},
  pages={2142--2154},
  year={2012},
  publisher={Elsevier}
}
@article{behzadi2007component,
  title={A component based noise correction method (CompCor) for BOLD and perfusion based fMRI},
  author={Behzadi, Yashar and Restom, Khaled and Liau, Joy and Liu, Thomas T},
  journal={Neuroimage},
  volume={37},
  number={1},
  pages={90--101},
  year={2007},
  publisher={Elsevier}
}
@article{satterthwaite2013improved,
  title={An improved framework for confound regression and filtering for control of motion artifact in the preprocessing of resting-state functional connectivity data},
  author={Satterthwaite, Theodore D and Elliott, Mark A and Gerraty, Raphael T and Ruparel, Kosha and Loughead, James and Calkins, Monica E and Eickhoff, Simon B and Hakonarson, Hakon and Gur, Ruben C and Gur, Raquel E and others},
  journal={Neuroimage},
  volume={64},
  pages={240--256},
  year={2013},
  publisher={Elsevier}
}
@inproceedings{varoquaux2010detection,
  title={Detection of brain functional-connectivity difference in post-stroke patients using group-level covariance modeling},
  author={Varoquaux, Ga{\"e}l and Baronnet, Flore and Kleinschmidt, Andreas and Fillard, Pierre and Thirion, Bertrand},
  booktitle={Medical Image Computing and Computer-Assisted Intervention--MICCAI 2010: 13th International Conference, Beijing, China, September 20-24, 2010, Proceedings, Part I 13},
  pages={200--208},
  year={2010},
  organization={Springer}
}
@article{abraham2014machine,
  title={Machine learning for neuroimaging with scikit-learn},
  author={Abraham, Alexandre and Pedregosa, Fabian and Eickenberg, Michael and Gervais, Philippe and Mueller, Andreas and Kossaifi, Jean and Gramfort, Alexandre and Thirion, Bertrand and Varoquaux, Ga{\"e}l},
  journal={Frontiers in neuroinformatics},
  volume={8},
  pages={14},
  year={2014},
  publisher={Frontiers}
}
@article{hopfield1982neural,
  title={Neural networks and physical systems with emergent collective computational abilities.},
  author={Hopfield, John J},
  journal={Proceedings of the national academy of sciences},
  volume={79},
  number={8},
  pages={2554--2558},
  year={1982},
  publisher={National Acad Sciences}
}