@book{buzsaki2006rhythms,
  title={Rhythms of the Brain},
  author={Buzsaki, Gyorgy},
  year={2006},
  publisher={Oxford university press}
}

@article{bassett2017network,
  title={Network neuroscience},
  author={Bassett, Danielle S and Sporns, Olaf},
  journal={Nature neuroscience},
  volume={20},
  number={3},
  pages={353--364},
  year={2017},
  publisher={Nature Publishing Group US New York}
}

@article{gutierrez2019infraslow,
  title={Infraslow state fluctuations govern spontaneous fMRI network dynamics},
  author={Gutierrez-Barragan, Daniel and Basson, M Albert and Panzeri, Stefano and Gozzi, Alessandro},
  journal={Current Biology},
  volume={29},
  number={14},
  pages={2295--2306},
  year={2019},
  publisher={Elsevier}
}

@article{liu2013time,
  title={Time-varying functional network information extracted from brief instances of spontaneous brain activity},
  author={Liu, Xiao and Duyn, Jeff H},
  journal={Proceedings of the National Academy of Sciences},
  volume={110},
  number={11},
  pages={4392--4397},
  year={2013},
  publisher={National Acad Sciences}
}

@article{zalesky2014time,
  title={Time-resolved resting-state brain networks},
  author={Zalesky, Andrew and Fornito, Alex and Cocchi, Luca and Gollo, Leonardo L and Breakspear, Michael},
  journal={Proceedings of the National Academy of Sciences},
  volume={111},
  number={28},
  pages={10341--10346},
  year={2014},
  publisher={National Acad Sciences}
}

@article{thompson2014quasi,
  title={Quasi-periodic patterns (QPP): large-scale dynamics in resting state fMRI that correlate with local infraslow electrical activity},
  author={Thompson, Garth John and Pan, Wen-Ju and Magnuson, Matthew Evan and Jaeger, Dieter and Keilholz, Shella Dawn},
  journal={Neuroimage},
  volume={84},
  pages={1018--1031},
  year={2014},
  publisher={Elsevier}
}

@article{greene2023everyone,
  title={Why is everyone talking about brain state?},
  author={Greene, Abigail S and Horien, Corey and Barson, Daniel and Scheinost, Dustin and Constable, R Todd},
  journal={Trends in Neurosciences},
  year={2023},
  publisher={Elsevier}
}

@article{vidaurre2017brain,
  title={Brain network dynamics are hierarchically organized in time},
  author={Vidaurre, Diego and Smith, Stephen M and Woolrich, Mark W},
  journal={Proceedings of the National Academy of Sciences},
  volume={114},
  number={48},
  pages={12827--12832},
  year={2017},
  publisher={National Acad Sciences}
}

@article{richiardi2011decoding,
  title={Decoding brain states from fMRI connectivity graphs},
  author={Richiardi, Jonas and Eryilmaz, Hamdi and Schwartz, Sophie and Vuilleumier, Patrik and Van De Ville, Dimitri},
  journal={Neuroimage},
  volume={56},
  number={2},
  pages={616--626},
  year={2011},
  publisher={Elsevier}
}


@article{smith2012temporally,
  title={Temporally-independent functional modes of spontaneous brain activity},
  author={Smith, Stephen M and Miller, Karla L and Moeller, Steen and Xu, Junqian and Auerbach, Edward J and Woolrich, Mark W and Beckmann, Christian F and Jenkinson, Mark and Andersson, Jesper and Glasser, Matthew F and others},
  journal={Proceedings of the National Academy of Sciences},
  volume={109},
  number={8},
  pages={3131--3136},
  year={2012},
  publisher={National Acad Sciences}
}

@article{chen2018human,
  title={The human brain traverses a common activation-pattern state space across task and rest},
  author={Chen, Richard H and Ito, Takuya and Kulkarni, Kaustubh R and Cole, Michael W},
  journal={Brain Connectivity},
  volume={8},
  number={7},
  pages={429--443},
  year={2018},
  publisher={Mary Ann Liebert, Inc., publishers 140 Huguenot Street, 3rd Floor New~…}
}

@article{hutchison2013dynamic,
  title={Dynamic functional connectivity: promise, issues, and interpretations},
  author={Hutchison, R Matthew and Womelsdorf, Thilo and Allen, Elena A and Bandettini, Peter A and Calhoun, Vince D and Corbetta, Maurizio and Della Penna, Stefania and Duyn, Jeff H and Glover, Gary H and Gonzalez-Castillo, Javier and others},
  journal={Neuroimage},
  volume={80},
  pages={360--378},
  year={2013},
  publisher={Elsevier}
}

@article{barttfeld2015signature,
  title={Signature of consciousness in the dynamics of resting-state brain activity},
  author={Barttfeld, Pablo and Uhrig, Lynn and Sitt, Jacobo D and Sigman, Mariano and Jarraya, B{\'e}chir and Dehaene, Stanislas},
  journal={Proceedings of the National Academy of Sciences},
  volume={112},
  number={3},
  pages={887--892},
  year={2015},
  publisher={National Acad Sciences}
}

@article{meer2020movie,
  title={Movie viewing elicits rich and reliable brain state dynamics},
  author={Meer, Johan N van der and Breakspear, Michael and Chang, Luke J and Sonkusare, Saurabh and Cocchi, Luca},
  journal={Nature communications},
  volume={11},
  number={1},
  pages={5004},
  year={2020},
  publisher={Nature Publishing Group UK London}
}

@article{chen2015introducing,
  title={Introducing co-activation pattern metrics to quantify spontaneous brain network dynamics},
  author={Chen, Jingyuan E and Chang, Catie and Greicius, Michael D and Glover, Gary H},
  journal={Neuroimage},
  volume={111},
  pages={476--488},
  year={2015},
  publisher={Elsevier}
}

@article{liu2013decomposition,
  title={Decomposition of spontaneous brain activity into distinct fMRI co-activation patterns},
  author={Liu, Xiao and Chang, Catie and Duyn, Jeff H},
  journal={Frontiers in systems neuroscience},
  volume={7},
  pages={62295},
  year={2013},
  publisher={Frontiers}
}

@article{breakspear2017dynamic,
  title={Dynamic models of large-scale brain activity},
  author={Breakspear, Michael},
  journal={Nature neuroscience},
  volume={20},
  number={3},
  pages={340--352},
  year={2017},
  publisher={Nature Publishing Group US New York}
}

@article{schirner2022dynamic,
  title={Dynamic primitives of brain network interaction},
  author={Schirner, Michael and Kong, Xiaolu and Yeo, BT Thomas and Deco, Gustavo and Ritter, Petra},
  journal={NeuroImage},
  volume={250},
  pages={118928},
  year={2022},
  publisher={Elsevier}
}

@article{schiff1994controlling,
  title={Controlling chaos in the brain},
  author={Schiff, Steven J and Jerger, Kristin and Duong, Duc H and Chang, Taeun and Spano, Mark L and Ditto, William L},
  journal={Nature},
  volume={370},
  number={6491},
  pages={615--620},
  year={1994},
  publisher={Nature Publishing Group UK London}
}

@article{murray2018biophysical,
  title={Biophysical modeling of large-scale brain dynamics and applications for computational psychiatry},
  author={Murray, John D and Demirta{\c{s}}, Murat and Anticevic, Alan},
  journal={Biological Psychiatry: Cognitive Neuroscience and Neuroimaging},
  volume={3},
  number={9},
  pages={777--787},
  year={2018},
  publisher={Elsevier}
}

@article{papadopoulos2017development,
  title={Development of structural correlations and synchronization from adaptive rewiring in networks of Kuramoto oscillators},
  author={Papadopoulos, Lia and Kim, Jason Z and Kurths, J{\"u}rgen and Bassett, Danielle S},
  journal={Chaos: An Interdisciplinary Journal of Nonlinear Science},
  volume={27},
  number={7},
  year={2017},
  publisher={AIP Publishing}
}

@article{seguin2023brain,
  title={Brain network communication: concepts, models and applications},
  author={Seguin, Caio and Sporns, Olaf and Zalesky, Andrew},
  journal={Nature Reviews Neuroscience},
  volume={24},
  number={9},
  pages={557--574},
  year={2023},
  publisher={Nature Publishing Group UK London}
}

@article{luppi2023transitions,
  title={Transitions between cognitive topographies: contributions of network structure, neuromodulation, and disease},
  author={Luppi, Andrea I and Singleton, S Parker I and Hansen, Justine Y and Bzdok, Danilo and Kuceyeski, Amy and Betzel, Richard and Misic, Bratislav},
  journal={bioRxiv},
  pages={2023--03},
  year={2023},
  publisher={Cold Spring Harbor Laboratory}
}

@article{chiem2021structure,
  title={Structure-informed functional connectivity driven by identifiable and state-specific control regions},
  author={Chi{\^e}m, Benjamin and Crevecoeur, Fr{\'e}d{\'e}ric and Delvenne, Jean-Charles},
  journal={Network Neuroscience},
  volume={5},
  number={2},
  pages={591--613},
  year={2021},
  publisher={MIT Press One Rogers Street, Cambridge, MA 02142-1209, USA journals-info~…}
}

@article{gu2017optimal,
  title={Optimal trajectories of brain state transitions},
  author={Gu, Shi and Betzel, Richard F and Mattar, Marcelo G and Cieslak, Matthew and Delio, Philip R and Grafton, Scott T and Pasqualetti, Fabio and Bassett, Danielle S},
  journal={Neuroimage},
  volume={148},
  pages={305--317},
  year={2017},
  publisher={Elsevier}
}

@article{scheid2021time,
  title={Time-evolving controllability of effective connectivity networks during seizure progression},
  author={Scheid, Brittany H and Ashourvan, Arian and Stiso, Jennifer and Davis, Kathryn A and Mikhail, Fadi and Pasqualetti, Fabio and Litt, Brian and Bassett, Danielle S},
  journal={Proceedings of the National Academy of Sciences},
  volume={118},
  number={5},
  pages={e2006436118},
  year={2021},
  publisher={National Acad Sciences}
}

@article{gu2015controllability,
  title={Controllability of structural brain networks},
  author={Gu, Shi and Pasqualetti, Fabio and Cieslak, Matthew and Telesford, Qawi K and Yu, Alfred B and Kahn, Ari E and Medaglia, John D and Vettel, Jean M and Miller, Michael B and Grafton, Scott T and others},
  journal={Nature communications},
  volume={6},
  number={1},
  pages={8414},
  year={2015},
  publisher={Nature Publishing Group UK London}
}

@article{kriegeskorte2018cognitive,
  title={Cognitive computational neuroscience},
  author={Kriegeskorte, Nikolaus and Douglas, Pamela K},
  journal={Nature neuroscience},
  volume={21},
  number={9},
  pages={1148--1160},
  year={2018},
  publisher={Nature Publishing Group US New York}
}

@article{heinz2019towards,
  title={Towards a unifying cognitive, neurophysiological, and computational neuroscience account of schizophrenia},
  author={Heinz, Andreas and Murray, Graham K and Schlagenhauf, Florian and Sterzer, Philipp and Grace, Anthony A and Waltz, James A},
  journal={Schizophrenia bulletin},
  volume={45},
  number={5},
  pages={1092--1100},
  year={2019},
  publisher={Oxford University Press US}
}

@article{deco2012anatomy,
  title={How anatomy shapes dynamics: a semi-analytical study of the brain at rest by a simple spin model},
  author={Deco, Gustavo and Senden, Mario and Jirsa, Viktor},
  journal={Frontiers in computational neuroscience},
  volume={6},
  pages={68},
  year={2012},
  publisher={Frontiers Media SA}
}

@article{golos2015multistability,
  title={Multistability in large scale models of brain activity},
  author={Golos, Mathieu and Jirsa, Viktor and Dauc{\'e}, Emmanuel},
  journal={PLoS computational biology},
  volume={11},
  number={12},
  pages={e1004644},
  year={2015},
  publisher={Public Library of Science San Francisco, CA USA}
}

@article{hansen2015functional,
  title={Functional connectivity dynamics: modeling the switching behavior of the resting state},
  author={Hansen, Enrique CA and Battaglia, Demian and Spiegler, Andreas and Deco, Gustavo and Jirsa, Viktor K},
  journal={Neuroimage},
  volume={105},
  pages={525--535},
  year={2015},
  publisher={Elsevier}
}

@article{doerig2023neuroconnectionist,
  title={The neuroconnectionist research programme},
  author={Doerig, Adrien and Sommers, Rowan P and Seeliger, Katja and Richards, Blake and Ismael, Jenann and Lindsay, Grace W and Kording, Konrad P and Konkle, Talia and Van Gerven, Marcel AJ and Kriegeskorte, Nikolaus and others},
  journal={Nature Reviews Neuroscience},
  pages={1--20},
  year={2023},
  publisher={Nature Publishing Group UK London}
}

@article{richards2019deep,
  title={A deep learning framework for neuroscience},
  author={Richards, Blake A and Lillicrap, Timothy P and Beaudoin, Philippe and Bengio, Yoshua and Bogacz, Rafal and Christensen, Amelia and Clopath, Claudia and Costa, Rui Ponte and de Berker, Archy and Ganguli, Surya and others},
  journal={Nature neuroscience},
  volume={22},
  number={11},
  pages={1761--1770},
  year={2019},
  publisher={Nature Publishing Group US New York}
}

@article{cole2016activity,
  title={Activity flow over resting-state networks shapes cognitive task activations},
  author={Cole, Michael W and Ito, Takuya and Bassett, Danielle S and Schultz, Douglas H},
  journal={Nature neuroscience},
  volume={19},
  number={12},
  pages={1718--1726},
  year={2016},
  publisher={Nature Publishing Group US New York}
}

@article{ito2017cognitive,
  title={Cognitive task information is transferred between brain regions via resting-state network topology},
  author={Ito, Takuya and Kulkarni, Kaustubh R and Schultz, Douglas H and Mill, Ravi D and Chen, Richard H and Solomyak, Levi I and Cole, Michael W},
  journal={Nature communications},
  volume={8},
  number={1},
  pages={1027},
  year={2017},
  publisher={Nature Publishing Group UK London}
}

@article{hopfield1982neural,
  title={Neural networks and physical systems with emergent collective computational abilities.},
  author={Hopfield, John J},
  journal={Proceedings of the national academy of sciences},
  volume={79},
  number={8},
  pages={2554--2558},
  year={1982},
  publisher={National Acad Sciences}
}

@article{krotov2023new,
  title={A new frontier for Hopfield networks},
  author={Krotov, Dmitry},
  journal={Nature Reviews Physics},
  pages={1--2},
  year={2023},
  publisher={Nature Publishing Group UK London}
}

@article{koiran1994dynamics,
  title={Dynamics of discrete time, continuous state Hopfield networks},
  author={Koiran, Pascal},
  journal={Neural Computation},
  volume={6},
  number={3},
  pages={459--468},
  year={1994},
  publisher={MIT Press One Rogers Street, Cambridge, MA 02142-1209, USA journals-info~…}
}

@article{robinson2005multiscale,
  title={Multiscale brain modelling},
  author={Robinson, Peter A and Rennie, CJ and Rowe, Donald L and O'Connor, SC and Gordon, and E},
  journal={Philosophical Transactions of the Royal Society B: Biological Sciences},
  volume={360},
  number={1457},
  pages={1043--1050},
  year={2005},
  publisher={The Royal Society London}
}

@article{daunizeau2012stochastic,
  title={Stochastic dynamic causal modelling of fMRI data: should we care about neural noise?},
  author={Daunizeau, Jean and Stephan, Klaas Enno and Friston, Karl J},
  journal={Neuroimage},
  volume={62},
  number={1},
  pages={464--481},
  year={2012},
  publisher={Elsevier}
}

@article{golland2008data,
  title={Data-driven clustering reveals a fundamental subdivision of the human cortex into two global systems},
  author={Golland, Yulia and Golland, Polina and Bentin, Shlomo and Malach, Rafael},
  journal={Neuropsychologia},
  volume={46},
  number={2},
  pages={540--553},
  year={2008},
  publisher={Elsevier}
}

@article{cioli2014differences,
  title={Differences in human cortical gene expression match the temporal properties of large-scale functional networks},
  author={Cioli, Claudia and Abdi, Herv{\'e} and Beaton, Derek and Burnod, Yves and Mesmoudi, Salma},
  journal={PloS one},
  volume={9},
  number={12},
  pages={e115913},
  year={2014},
  publisher={Public Library of Science San Francisco, USA}
}

@article{siddiqi2020distinct,
  title={Distinct symptom-specific treatment targets for circuit-based neuromodulation},
  author={Siddiqi, Shan H and Taylor, Stephan F and Cooke, Danielle and Pascual-Leone, Alvaro and George, Mark S and Fox, Michael D},
  journal={American Journal of Psychiatry},
  volume={177},
  number={5},
  pages={435--446},
  year={2020},
  publisher={Am Psychiatric Assoc}
}

@article{huntenburg2018large,
  title={Large-scale gradients in human cortical organization},
  author={Huntenburg, Julia M and Bazin, Pierre-Louis and Margulies, Daniel S},
  journal={Trends in cognitive sciences},
  volume={22},
  number={1},
  pages={21--31},
  year={2018},
  publisher={Elsevier}
}

@article{margulies2016situating,
  title={Situating the default-mode network along a principal gradient of macroscale cortical organization},
  author={Margulies, Daniel S and Ghosh, Satrajit S and Goulas, Alexandros and Falkiewicz, Marcel and Huntenburg, Julia M and Langs, Georg and Bezgin, Gleb and Eickhoff, Simon B and Castellanos, F Xavier and Petrides, Michael and others},
  journal={Proceedings of the National Academy of Sciences},
  volume={113},
  number={44},
  pages={12574--12579},
  year={2016},
  publisher={National Acad Sciences}
}

@article{fuster2004upper,
  title={Upper processing stages of the perception--action cycle},
  author={Fuster, Joaqu{\i}n M},
  journal={Trends in cognitive sciences},
  volume={8},
  number={4},
  pages={143--145},
  year={2004},
  publisher={Elsevier}
}

@article{shinn2023functional,
  title={Functional brain networks reflect spatial and temporal autocorrelation},
  author={Shinn, Maxwell and Hu, Amber and Turner, Laurel and Noble, Stephanie and Preller, Katrin H and Ji, Jie Lisa and Moujaes, Flora and Achard, Sophie and Scheinost, Dustin and Constable, R Todd and others},
  journal={Nature Neuroscience},
  pages={1--12},
  year={2023},
  publisher={Nature Publishing Group US New York}
}

@article{woo2015distinct,
  title={Distinct brain systems mediate the effects of nociceptive input and self-regulation on pain},
  author={Woo, Choong-Wan and Roy, Mathieu and Buhle, Jason T and Wager, Tor D},
  journal={PLoS biology},
  volume={13},
  number={1},
  pages={e1002036},
  year={2015},
  publisher={Public Library of Science San Francisco, USA}
}

@article{vohryzek2020ghost,
  title={Ghost attractors in spontaneous brain activity: Recurrent excursions into functionally-relevant BOLD phase-locking states},
  author={Vohryzek, Jakub and Deco, Gustavo and Cessac, Bruno and Kringelbach, Morten L and Cabral, Joana},
  journal={Frontiers in systems neuroscience},
  volume={14},
  pages={20},
  year={2020},
  publisher={Frontiers Media SA}
}

@article{zunhammer2021meta,
  title={Meta-analysis of neural systems underlying placebo analgesia from individual participant fMRI data},
  author={Zunhammer, Matthias and Spis{\'a}k, Tam{\'a}s and Wager, Tor D and Bingel, Ulrike},
  journal={Nature communications},
  volume={12},
  number={1},
  pages={1391},
  year={2021},
  publisher={Nature Publishing Group UK London}
}

@article{di2014autism,
  title={The autism brain imaging data exchange: towards a large-scale evaluation of the intrinsic brain architecture in autism},
  author={Di Martino, Adriana and Yan, Chao-Gan and Li, Qingyang and Denio, Erin and Castellanos, Francisco X and Alaerts, Kaat and Anderson, Jeffrey S and Assaf, Michal and Bookheimer, Susan Y and Dapretto, Mirella and others},
  journal={Molecular psychiatry},
  volume={19},
  number={6},
  pages={659--667},
  year={2014},
  publisher={Nature Publishing Group}
}

@article{hadad2019perception,
  title={Perception in autism does not adhere to Weber’s law},
  author={Hadad, Bat-Sheva and Schwartz, Sivan},
  journal={Elife},
  volume={8},
  pages={e42223},
  year={2019},
  publisher={eLife Sciences Publications, Ltd}
}

@article{padmanabhan2017default,
  title={The default mode network in autism},
  author={Padmanabhan, Aarthi and Lynch, Charles J and Schaer, Marie and Menon, Vinod},
  journal={Biological Psychiatry: Cognitive Neuroscience and Neuroimaging},
  volume={2},
  number={6},
  pages={476--486},
  year={2017},
  publisher={Elsevier}
}

@article{hong2019atypical,
  title={Atypical functional connectome hierarchy in autism},
  author={Hong, Seok-Jun and Vos de Wael, Reinder and Bethlehem, Richard AI and Lariviere, Sara and Paquola, Casey and Valk, Sofie L and Milham, Michael P and Di Martino, Adriana and Margulies, Daniel S and Smallwood, Jonathan and others},
  journal={Nature communications},
  volume={10},
  number={1},
  pages={1022},
  year={2019},
  publisher={Nature Publishing Group UK London}
}

@article{mill2022network,
  title={Network modeling of dynamic brain interactions predicts emergence of neural information that supports human cognitive behavior},
  author={Mill, Ravi D and Hamilton, Julia L and Winfield, Emily C and Lalta, Nicole and Chen, Richard H and Cole, Michael W},
  journal={PLoS Biology},
  volume={20},
  number={8},
  pages={e3001686},
  year={2022},
  publisher={Public Library of Science San Francisco, CA USA}
}

@article{hearne2021activity,
  title={Activity flow underlying abnormalities in brain activations and cognition in schizophrenia},
  author={Hearne, Luke J and Mill, Ravi D and Keane, Brian P and Repov{\v{s}}, Grega and Anticevic, Alan and Cole, Michael W},
  journal={Science advances},
  volume={7},
  number={29},
  pages={eabf2513},
  year={2021},
  publisher={American Association for the Advancement of Science}
}

@inproceedings{murre2003selfreparing,
  title={Selfreparing neural networks: a model for recovery from brain damage},
  author={Murre, Jaap MJ and Griffioen, Robert and Robertson, IH},
  booktitle={Knowledge-Based Intelligent Information and Engineering Systems: 7th International Conference, KES 2003, Oxford, UK, September 2003. Proceedings, Part II 7},
  pages={1164--1171},
  year={2003},
  organization={Springer}
}


@article{hertz1991introduction,
  title={Introduction to the Theory of Neural Computation, chapter 7},
  author={Hertz, John and Krogh, Andres and Palmer, Richard G},
  journal={Lecture Notes},
  volume={1},
  year={1991}
}

@article{khona2022attractor,
  title={Attractor and integrator networks in the brain},
  author={Khona, Mikail and Fiete, Ila R},
  journal={Nature Reviews Neuroscience},
  volume={23},
  number={12},
  pages={744--766},
  year={2022},
  publisher={Nature Publishing Group UK London}
}

@article{cabral2017functional,
  title={Functional connectivity dynamically evolves on multiple time-scales over a static structural connectome: Models and mechanisms},
  author={Cabral, Joana and Kringelbach, Morten L and Deco, Gustavo},
  journal={NeuroImage},
  volume={160},
  pages={84--96},
  year={2017},
  publisher={Elsevier}
}

@article{deco2012ongoing,
  title={Ongoing cortical activity at rest: criticality, multistability, and ghost attractors},
  author={Deco, Gustavo and Jirsa, Viktor K},
  journal={Journal of Neuroscience},
  volume={32},
  number={10},
  pages={3366--3375},
  year={2012},
  publisher={Soc Neuroscience}
}

@article{friston2006free,
  title={A free energy principle for the brain},
  author={Friston, Karl and Kilner, James and Harrison, Lee},
  journal={Journal of physiology-Paris},
  volume={100},
  number={1-3},
  pages={70--87},
  year={2006},
  publisher={Elsevier}
}

@article{friston2023free,
  title={The free energy principle made simpler but not too simple},
  author={Friston, Karl and Da Costa, Lancelot and Sajid, Noor and Heins, Conor and Ueltzh{\"o}ffer, Kai and Pavliotis, Grigorios A and Parr, Thomas},
  journal={Physics Reports},
  volume={1024},
  pages={1--29},
  year={2023},
  publisher={Elsevier}
}

@article{lee2023life,
  title={Life-inspired Interoceptive Artificial Intelligence for Autonomous and Adaptive Agents},
  author={Lee, Sungwoo and Oh, Younghyun and An, Hyunhoe and Yoon, Hyebhin and Friston, Karl J and Hong, Seok Jun and Woo, Choong-Wan},
  journal={arXiv preprint arXiv:2309.05999},
  year={2023}
}

@article{ramstead2023inner,
  title={The inner screen model of consciousness: applying the free energy principle directly to the study of conscious experience},
  author={Ramstead, Maxwell JD and Albarracin, Mahault and Kiefer, Alex and Klein, Brennan and Fields, Chris and Friston, Karl and Safron, Adam},
  journal={arXiv preprint arXiv:2305.02205},
  year={2023}
}

@article{liu2011controllability,
  title={Controllability of complex networks},
  author={Liu, Yang-Yu and Slotine, Jean-Jacques and Barab{\'a}si, Albert-L{\'a}szl{\'o}},
  journal={nature},
  volume={473},
  number={7346},
  pages={167--173},
  year={2011},
  publisher={Nature Publishing Group UK London}
}

@article{bellec2010multi,
  title={Multi-level bootstrap analysis of stable clusters in resting-state fMRI},
  author={Bellec, Pierre and Rosa-Neto, Pedro and Lyttelton, Oliver C and Benali, Habib and Evans, Alan C},
  journal={Neuroimage},
  volume={51},
  number={3},
  pages={1126--1139},
  year={2010},
  publisher={Elsevier}
}

@article{agliari2020tolerance,
  title={Tolerance versus synaptic noise in dense associative memories},
  author={Agliari, Elena and De Marzo, Giordano},
  journal={The European Physical Journal Plus},
  volume={135},
  number={11},
  pages={1--22},
  year={2020},
  publisher={Springer}
}

@article{deco2014great,
  title={Great expectations: using whole-brain computational connectomics for understanding neuropsychiatric disorders},
  author={Deco, Gustavo and Kringelbach, Morten L},
  journal={Neuron},
  volume={84},
  number={5},
  pages={892--905},
  year={2014},
  publisher={Elsevier}
}

@article{dadi2019benchmarking,
  title={Benchmarking functional connectome-based predictive models for resting-state fMRI},
  author={Dadi, Kamalaker and Rahim, Mehdi and Abraham, Alexandre and Chyzhyk, Darya and Milham, Michael and Thirion, Bertrand and Varoquaux, Ga{\"e}l and Alzheimer's Disease Neuroimaging Initiative and others},
  journal={NeuroImage},
  volume={192},
  pages={115--134},
  year={2019},
  publisher={Elsevier}
}


@article{craddock2013towards,
  title={Towards automated analysis of connectomes: The configurable pipeline for the analysis of connectomes (c-pac)},
  author={Craddock, Cameron and Sikka, Sharad and Cheung, Brian and Khanuja, Ranjeet and Ghosh, Satrajit S and Yan, Chaogan and Li, Qingyang and Lurie, Daniel and Vogelstein, Joshua and Burns, Randal and others},
  journal={Front Neuroinform},
  volume={42},
  number={10.3389},
  year={2013}
}

@article{gorgolewski2011nipype,
  title={Nipype: a flexible, lightweight and extensible neuroimaging data processing framework in python},
  author={Gorgolewski, Krzysztof and Burns, Christopher D and Madison, Cindee and Clark, Dav and Halchenko, Yaroslav O and Waskom, Michael L and Ghosh, Satrajit S},
  journal={Frontiers in neuroinformatics},
  volume={5},
  pages={13},
  year={2011},
  publisher={Frontiers}
}

@article{esteban2019fmriprep,
  title={fMRIPrep: a robust preprocessing pipeline for functional MRI},
  author={Esteban, Oscar and Markiewicz, Christopher J and Blair, Ross W and Moodie, Craig A and Isik, A Ilkay and Erramuzpe, Asier and Kent, James D and Goncalves, Mathias and DuPre, Elizabeth and Snyder, Madeleine and others},
  journal={Nature methods},
  volume={16},
  number={1},
  pages={111--116},
  year={2019},
  publisher={Nature Publishing Group US New York}
}

@article{jenkinson2012fsl,
  title={Fsl},
  author={Jenkinson, Mark and Beckmann, Christian F and Behrens, Timothy EJ and Woolrich, Mark W and Smith, Stephen M},
  journal={Neuroimage},
  volume={62},
  number={2},
  pages={782--790},
  year={2012},
  publisher={Elsevier}
}

@article{cox1996afni,
  title={AFNI: software for analysis and visualization of functional magnetic resonance neuroimages},
  author={Cox, Robert W},
  journal={Computers and Biomedical research},
  volume={29},
  number={3},
  pages={162--173},
  year={1996},
  publisher={Elsevier}
}

@article{avants2011reproducible,
  title={A reproducible evaluation of ANTs similarity metric performance in brain image registration},
  author={Avants, Brian B and Tustison, Nicholas J and Song, Gang and Cook, Philip A and Klein, Arno and Gee, James C},
  journal={Neuroimage},
  volume={54},
  number={3},
  pages={2033--2044},
  year={2011},
  publisher={Elsevier}
}

@article{friston1996movement,
  title={Movement-related effects in fMRI time-series},
  author={Friston, Karl J and Williams, Steven and Howard, Robert and Frackowiak, Richard SJ and Turner, Robert},
  journal={Magnetic resonance in medicine},
  volume={35},
  number={3},
  pages={346--355},
  year={1996},
  publisher={Wiley Online Library}
}

@article{power2012spurious,
  title={Spurious but systematic correlations in functional connectivity MRI networks arise from subject motion},
  author={Power, Jonathan D and Barnes, Kelly A and Snyder, Abraham Z and Schlaggar, Bradley L and Petersen, Steven E},
  journal={Neuroimage},
  volume={59},
  number={3},
  pages={2142--2154},
  year={2012},
  publisher={Elsevier}
}

@article{behzadi2007component,
  title={A component based noise correction method (CompCor) for BOLD and perfusion based fMRI},
  author={Behzadi, Yashar and Restom, Khaled and Liau, Joy and Liu, Thomas T},
  journal={Neuroimage},
  volume={37},
  number={1},
  pages={90--101},
  year={2007},
  publisher={Elsevier}
}

@article{satterthwaite2013improved,
  title={An improved framework for confound regression and filtering for control of motion artifact in the preprocessing of resting-state functional connectivity data},
  author={Satterthwaite, Theodore D and Elliott, Mark A and Gerraty, Raphael T and Ruparel, Kosha and Loughead, James and Calkins, Monica E and Eickhoff, Simon B and Hakonarson, Hakon and Gur, Ruben C and Gur, Raquel E and others},
  journal={Neuroimage},
  volume={64},
  pages={240--256},
  year={2013},
  publisher={Elsevier}
}

@article{abraham2014machine,
  title={Machine learning for neuroimaging with scikit-learn},
  author={Abraham, Alexandre and Pedregosa, Fabian and Eickenberg, Michael and Gervais, Philippe and Mueller, Andreas and Kossaifi, Jean and Gramfort, Alexandre and Thirion, Bertrand and Varoquaux, Ga{\"e}l},
  journal={Frontiers in neuroinformatics},
  volume={8},
  pages={14},
  year={2014},
  publisher={Frontiers}
}

@article{freeman1987simulation,
  title={Simulation of chaotic EEG patterns with a dynamic model of the olfactory system},
  author={Freeman, Walter J},
  journal={Biological cybernetics},
  volume={56},
  number={2-3},
  pages={139--150},
  year={1987},
  publisher={Springer}
}

@article{sydnor2021neurodevelopment,
  title={Neurodevelopment of the association cortices: Patterns, mechanisms, and implications for psychopathology},
  author={Sydnor, Valerie J and Larsen, Bart and Bassett, Danielle S and Alexander-Bloch, Aaron and Fair, Damien A and Liston, Conor and Mackey, Allyson P and Milham, Michael P and Pines, Adam and Roalf, David R and others},
  journal={Neuron},
  volume={109},
  number={18},
  pages={2820--2846},
  year={2021},
  publisher={Elsevier}
}

@article{raichle2001default,
  title={A default mode of brain function},
  author={Raichle, Marcus E and MacLeod, Ann Mary and Snyder, Abraham Z and Powers, William J and Gusnard, Debra A and Shulman, Gordon L},
  journal={Proceedings of the national academy of sciences},
  volume={98},
  number={2},
  pages={676--682},
  year={2001},
  publisher={National Acad Sciences}
}


@inproceedings{varoquaux2010detection,
  title={Detection of brain functional-connectivity difference in post-stroke patients using group-level covariance modeling},
  author={Varoquaux, Ga{\"e}l and Baronnet, Flore and Kleinschmidt, Andreas and Fillard, Pierre and Thirion, Bertrand},
  booktitle={Medical Image Computing and Computer-Assisted Intervention--MICCAI 2010: 13th International Conference, Beijing, China, September 20-24, 2010, Proceedings, Part I 13},
  pages={200--208},
  year={2010},
  organization={Springer}
}

